@article{Godwin2009,
  author    = {Godwin, J.},
  title     = {Social determination of sex in reef fishes},
  journal   = {Seminars in Cell \& Developmental Biology},
  year      = {2009},
  volume    = {20},
  number    = {3},
  pages     = {264-270}
}

@article{Hembree2017,
  author    = {Hembree, W. C. and Cohen-Kettenis, P. T. and Gooren, L. and Hannema, S. E. and Meyer, W. J. and Murad, M. H. and T'Sjoen, G. G.},
  title     = {Endocrine treatment of gender-dysphoric/gender-incongruent persons: an Endocrine Society clinical practice guideline},
  journal   = {The Journal of Clinical Endocrinology \& Metabolism},
  year      = {2017},
  volume    = {102},
  number    = {11},
  pages     = {3869-3903}
}

@article{Koopman1991,
  author    = {Koopman, P. and Gubbay, J. and Vivian, N. and Goodfellow, P. and Lovell-Badge, R.},
  title     = {Male development of chromosomally female mice transgenic for Sry},
  journal   = {Nature},
  year      = {1991},
  volume    = {351},
  number    = {6322},
  pages     = {117-121}
}

@article{Warner2008,
  author    = {Warner, D. A. and Shine, R.},
  title     = {The adaptive significance of temperature-dependent sex determination in a reptile},
  journal   = {Nature},
  year      = {2008},
  volume    = {451},
  number    = {7178},
  pages     = {566-568}
}

@article{Oyama20XXa,
  author    = {Oyama, M.},
  title     = {Theoretical Framework for Quantum Entanglement in Multicellular Organisms},
  journal   = {Journal of Fictional Biophysics},
  year      = {20XX},
  note      = {(虚构)}
}

@article{Oyama20XXb,
  author    = {Oyama, M.},
  title     = {Novel Catalytic Agents for Site-Specific Epigenetic Reprogramming},
  journal   = {Advanced Fictional Bioengineering},
  year      = {20XX},
  note      = {(虚构)}
}